<?xml version="1.0" encoding="UTF-8"?><collection xmlns="http://www.loc.gov/MARC21/slim"><record><leader>00325nam--2200133-i-4500</leader><controlfield tag="001">000025804</controlfield><controlfield tag="002">20161230</controlfield><controlfield tag="005">20161230201036</controlfield><controlfield tag="008">060222s1000------------r-----000-0-eng-d</controlfield><datafield ind1=" " ind2=" " tag="080"><subfield code="a">007:66</subfield></datafield><datafield ind1=" " ind2=" " tag="100"><subfield code="a">Kafarov, V</subfield></datafield><datafield ind1=" " ind2=" " tag="245"><subfield code="a">Methodes cybernetiques et technologie chimie</subfield></datafield><datafield ind1=" " ind2=" " tag="260"><subfield code="a">Moscou, Ed.Mir, 1974, 540p</subfield></datafield><datafield ind1=" " ind2=" " tag="852"><subfield code="a">42390</subfield></datafield></record></collection>